@article{block2018change,
  title={Change we can believe in: Comparing longitudinal network models on consistency, interpretability and predictive power},
  author={Block, Per and Koskinen, Johan and Hollway, James and Steglich, Christian and Stadtfeld, Christoph},
  journal={Social Networks},
  volume={52},
  pages={180--191},
  year={2018},
  publisher={Elsevier}
}

@article{nowicki2001estimation,
  title={Estimation and prediction for stochastic blockstructures},
  author={Nowicki, Krzysztof and Snijders, Tom A B},
  journal={Journal of the American statistical association},
  volume={96},
  number={455},
  pages={1077--1087},
  year={2001},
  publisher={Taylor \& Francis}
}

@article{raftery2012fast,
  title={Fast inference for the latent space network model using a case-control approximate likelihood},
  author={Raftery, Adrian E and Niu, Xiaoyue and Hoff, Peter D and Yeung, Ka Yee},
  journal={Journal of Computational and Graphical Statistics},
  volume={21},
  number={4},
  pages={901--919},
  year={2012},
  publisher={Taylor \& Francis}
}

@article{van2009framework,
  title={A framework for the comparison of maximum pseudo-likelihood and maximum likelihood estimation of exponential family random graph models},
  author={Van Duijn, Marijtje AJ and Gile, Krista J and Handcock, Mark S},
  journal={Social Networks},
  volume={31},
  number={1},
  pages={52--62},
  year={2009},
  publisher={Elsevier}
}

@article{latouche2011overlapping,
  title={Overlapping stochastic block models with application to the french political blogosphere},
  author={Latouche, Pierre and Birmel{\'e}, Etienne and Ambroise, Christophe},
  journal={The Annals of Applied Statistics},
  pages={309--336},
  year={2011},
  publisher={JSTOR}
}

@incollection{dorff2016latent,
  title={Latent Networks and Spatial Networks in Politics},
  author={Dorff, Cassy and Minhas, Shahryar and Ward, Michael D},
  booktitle={The Oxford Handbook of Political Networks},
  year={2016}
}

@article{cranmer2011inferential,
  title={Inferential Network Analysis with Exponential Random Graph Models},
  author={Cranmer, Skyler J and Desmarais, Bruce A},
  journal={Political Analysis},
  volume={19},
  number={1},
  pages={66--86},
  year={2011},
  publisher={Cambridge University Press}
}

@article{block2017forms,
  title={Forms of Dependence: Comparing SAOMs and ERGMs from Basic Principles},
  author={Block, Per and Stadtfeld, Christoph and Snijders, Tom AB},
  journal={Sociological Methods \& Research},
  pages={0049124116672680},
  year={2017},
  publisher={SAGE Publications Sage CA: Los Angeles, CA}
}

@article{desmarais2012micro,
  title={Micro-level interpretation of exponential random graph models with application to estuary networks},
  author={Desmarais, Bruce A and Cranmer, Skyler J},
  journal={Policy Studies Journal},
  volume={40},
  number={3},
  pages={402--434},
  year={2012},
  publisher={Wiley Online Library}
}

@incollection{dorff2016latent,
  title={Latent Networks and Spatial Networks in Politics},
  author={Dorff, Cassy and Minhas, Shahryar and Ward, Michael D},
  booktitle={The Oxford Handbook of Political Networks},
  year={2016}
}

@article{leifeld2015theoretical,
  title={A theoretical and empirical comparison of the temporal exponential random graph model and the stochastic actor-oriented model},
  author={Leifeld, Philip and Cranmer, Skyler J},
  journal={arXiv preprint arXiv:1506.06696},
  year={2015}
}

@article{bond201261,
  title={A 61-million-person experiment in social influence and political mobilization},
  author={Bond, Robert M and Fariss, Christopher J and Jones, Jason J and Kramer, Adam DI and Marlow, Cameron and Settle, Jaime E and Fowler, James H},
  journal={Nature},
  volume={489},
  number={7415},
  pages={295},
  year={2012},
  publisher={Nature Publishing Group}
}

@article{kirkland2014partisanship,
  title={Partisanship and reciprocity in cross-chamber legislative interactions},
  author={Kirkland, Justin H and Williams, R Lucas},
  journal={The Journal of Politics},
  volume={76},
  number={3},
  pages={754--769},
  year={2014},
  publisher={Cambridge University Press New York, USA}
}

@article{wang2016multiple,
  title={Multiple imputation for missing edge data: A predictive evaluation method with application to Add Health},
  author={Wang, Cheng and Butts, Carter T and Hipp, John R and Jose, Rupa and Lakon, Cynthia M},
  journal={Social networks},
  volume={45},
  pages={89--98},
  year={2016},
  publisher={Elsevier}
}


@article{desmarais2017statistical,
  title={Statistical Inference in Political Networks Research},
  author={Desmarais, Bruce A and Cranmer, Skyler J},
  journal={The Oxford Handbook of Political Networks},
  pages={203},
  year={2017},
  publisher={Oxford University Press}
}
