@article{block2018change,
  title={Change we can believe in: Comparing longitudinal network models on consistency, interpretability and predictive power},
  author={Block, Per and Koskinen, Johan and Hollway, James and Steglich, Christian and Stadtfeld, Christoph},
  journal={Social Networks},
  volume={52},
  pages={180--191},
  year={2018},
  publisher={Elsevier}
}

@article{block2017forms,
  title={Forms of Dependence: Comparing SAOMs and ERGMs from Basic Principles},
  author={Block, Per and Stadtfeld, Christoph and Snijders, Tom AB},
  journal={Sociological Methods \& Research},
  pages={0049124116672680},
  year={2017},
  publisher={SAGE Publications Sage CA: Los Angeles, CA}
}

@article{desmarais2012micro,
  title={Micro-level interpretation of exponential random graph models with application to estuary networks},
  author={Desmarais, Bruce A and Cranmer, Skyler J},
  journal={Policy Studies Journal},
  volume={40},
  number={3},
  pages={402--434},
  year={2012},
  publisher={Wiley Online Library}
}

@incollection{dorff2016latent,
  title={Latent Networks and Spatial Networks in Politics},
  author={Dorff, Cassy and Minhas, Shahryar and Ward, Michael D},
  booktitle={The Oxford Handbook of Political Networks},
  year={2016}
}

@article{leifeld2015theoretical,
  title={A theoretical and empirical comparison of the temporal exponential random graph model and the stochastic actor-oriented model},
  author={Leifeld, Philip and Cranmer, Skyler J},
  journal={arXiv preprint arXiv:1506.06696},
  year={2015}
}

@article{desmarais2017statistical,
  title={Statistical Inference in Political Networks Research},
  author={Desmarais, Bruce A and Cranmer, Skyler J},
  journal={The Oxford Handbook of Political Networks},
  pages={203},
  year={2017},
  publisher={Oxford University Press}
}
